<record><leader>00000cas a22000007a 4500</leader><controlfield tag="001">24033843</controlfield><controlfield tag="008">910705d19041908nyuwr ne      0    0eng d</controlfield><datafield ind1=" " ind2=" " tag="010"><subfield code="a">sn 91066573 </subfield></datafield><datafield ind1=" " ind2=" " tag="040"><subfield code="a">NYS</subfield><subfield code="b">eng</subfield><subfield code="c">NYS</subfield><subfield code="d">OCLCQ</subfield></datafield><datafield ind1=" " ind2=" " tag="042"><subfield code="a">msc</subfield></datafield><datafield ind1="0" ind2="0" tag="245"><subfield code="a">Oneida County gazette.</subfield></datafield><datafield ind1=" " ind2=" " tag="260"><subfield code="a">Whitesboro, N.Y. :</subfield><subfield code="b">Gazette Pub. Co.,</subfield><subfield code="c">1904-1908.</subfield></datafield><datafield ind1=" " ind2=" " tag="300"><subfield code="a">5 v. ;</subfield><subfield code="c">58 cm.</subfield></datafield><datafield ind1=" " ind2=" " tag="310"><subfield code="a">Weekly</subfield></datafield><datafield ind1="0" ind2=" " tag="362"><subfield code="a">Vol. 1, no. 1 (Jan. 7, 1904)-v. 5, no. 52 (Dec. 24, 1908) = v. 3, no. 1-v. 7, no. 52.</subfield></datafield><datafield ind1=" " ind2=" " tag="500"><subfield code="a">Published on Thursday.</subfield></datafield><datafield ind1=" " ind2="4" tag="651"><subfield code="a">Whitesboro (N.Y.)</subfield><subfield code="v">Newspapers.</subfield></datafield><datafield ind1=" " ind2=" " tag="752"><subfield code="a">United States</subfield><subfield code="b">New York</subfield><subfield code="c">Oneida</subfield><subfield code="d">Whitesboro.</subfield></datafield><datafield ind1="0" ind2="0" tag="780"><subfield code="t">Whitestown gazette (Whitesboro, N.Y. : Whitesboro ed.)</subfield><subfield code="w">(DLC)sn 91066572</subfield><subfield code="w">(OCoLC)24033715</subfield></datafield><datafield ind1="1" ind2=" " tag="029"><subfield code="a">AU@</subfield><subfield code="b">000025909004</subfield></datafield></record>